
@article{aharony.1983.fields,
  title={Nonlinear scaling fields and corrections to scaling near criticality},
  author={Aharony, Amnon and Fisher, Michael E},
  journal={Physical Review B},
  volume={27},
  number={7},
  pages={4394},
  year={1983},
  publisher={APS}
}

@article{barouch.1973.susceptibility,
  title={Zero-field susceptibility of the two-dimensional Ising model near ${T}_c$},
  author={Barouch, Eytan and McCoy, Barry M and Wu, Tai Tsun},
  journal={Physical Review Letters},
  volume={31},
  number={23},
  pages={1409},
  year={1973},
  publisher={APS}
}

@article{baxter.1979.series,
  title={Series expansions from corner transfer matrices: the square lattice ising model},
  author={Baxter, RJ and Enting, IG},
  journal={Journal of Statistical Physics},
  volume={21},
  number={2},
  pages={103--123},
  year={1979},
  publisher={Springer}
}

@article{baker.1980.ising,
  title={Ising model phase boundary},
  author={Baker Jr, George A and Kim, Doochul},
  journal={Journal of Physics A: Mathematical and General},
  volume={13},
  number={4},
  pages={L103},
  year={1980},
  publisher={IOP Publishing}
}

@article{betts.1971.lattice,
  title={Lattice-lattice scaling and the generalized law of corresponding states},
  author={Betts, DD and Guttmann, AJ and Joyce, GS},
  journal={Journal of Physics C: Solid State Physics},
  volume={4},
  number={14},
  pages={1994},
  year={1971},
  publisher={IOP Publishing}
}

@article{bogomolny.1977.dispersion,
  title={Calculation of the green functions by the coupling constant dispersion relations},
  author={Bogomolny, Evgeny B},
  journal={Physics Letters B},
  volume={67},
  number={2},
  pages={193--194},
  year={1977},
  publisher={Elsevier}
}

@techreport{brezin.1976.perturbation,
  title={Perturbation theory at large order; 2, role of the vacuum instability},
  author={Br{\'e}zin, E and Le Guillou, Jean Claude and Zinn-Justin, Jean},
  year={1976}
}

@book{cardy.1996.scaling,
  title={Scaling and renormalization in statistical physics},
  author={Cardy, John},
  volume={5},
  year={1996},
  publisher={Cambridge university press}
}

@article{caselle.2001.critical,
  title={The critical equation of state of the two-dimensional Ising model},
  author={Caselle, Michele and Hasenbusch, Martin and Pelissetto, Andrea and Vicari, Ettore},
  journal={Journal of Physics A: Mathematical and General},
  volume={34},
  number={14},
  pages={2923},
  year={2001},
  publisher={IOP Publishing}
}

@article{dimitrovic.1991.finite,
  title={Finite-size effects, goldstone bosons and critical exponents in the d= 3 Heisenberg model},
  author={Dimitrovi{\'c}, I and Hasenfratz, P and Nager, J and Niedermayer, Ferenc},
  journal={Nuclear Physics B},
  volume={350},
  number={3},
  pages={893--905},
  year={1991},
  publisher={Elsevier}
}

@article{enting.1980.investigation,
  title={An investigation of the high-field series expansions for the square lattice Ising model},
  author={Enting, IG and Baxter, RJ},
  journal={Journal of Physics A: Mathematical and General},
  volume={13},
  number={12},
  pages={3723},
  year={1980},
  publisher={IOP Publishing}
}

@article{fisher.1967.condensation,
  title={The theory of condensation and the critical point},
  author={Fisher, Michael E},
  journal={Physics},
  volume={3},
  number={5},
  pages={255--283},
  year={1967},
  publisher={Physics Publishing Company}
}

@article{fisher.1999.trigonometric,
  title={Trigonometric models for scaling behavior near criticality},
  author={Fisher, Michael E and Zinn, Shun-yong and Upton, Paul J},
  journal={Physical Review B},
  volume={59},
  number={22},
  pages={14533},
  year={1999},
  publisher={APS}
}

@book{flanigan.1972.complex,
  title={Complex variables: harmonic and analytic functions},
  author={Flanigan, Francis J},
  year={1972},
  publisher={Courier Corporation}
}

@article{gaveau.1989.analytic,
  title={Metastable decay rates and analytic continuation},
  author={Gaveau, B and Schulman, LS},
  journal={Letters in Mathematical Physics},
  volume={18},
  number={3},
  pages={201--208},
  year={1989},
  publisher={Springer}
}

@article{griffiths.1967.functions,
  title={Thermodynamic functions for fluids and ferromagnets near the critical point},
  author={Griffiths, Robert B},
  journal={Physical Review},
  volume={158},
  number={1},
  pages={176},
  year={1967},
  publisher={APS}
}

@article{guida.1997.3dising,
  title={3D Ising model: the scaling equation of state},
  author={Guida, Riccardo and Zinn-Justin, J},
  journal={Nuclear Physics B},
  volume={489},
  number={3},
  pages={626--652},
  year={1997},
  publisher={Elsevier}
}

@article{gunther.1980.goldstone,
  title={Goldstone modes in vacuum decay and first-order phase transitions},
  author={G{\"u}nther, NJ and Wallace, DJ and Nicole, DA},
  journal={Journal of Physics A: Mathematical and General},
  volume={13},
  number={5},
  pages={1755},
  year={1980},
  publisher={IOP Publishing}
}

@article{gunther.1993.transfer-matrix,
  title={Numerical transfer-matrix study of metastability in the $d=2$ {I}sing model},
  author={G{\"u}nther, Christoph CA and Rikvold, Per Arne and Novotny, MA},
  journal={Physical review letters},
  volume={71},
  number={24},
  pages={3898},
  year={1993},
  publisher={APS}
}

@article{harris.1984.metastability,
  title={Metastability in the (1+ 1) D Ising model: a primitive droplet model calculation},
  author={Harris, CK},
  journal={Journal of Physics A: Mathematical and General},
  volume={17},
  number={8},
  pages={1767},
  year={1984},
  publisher={IOP Publishing}
}

@article{houghton.1980.metastable,
  title={The metastable Ising magnet in a negative field},
  author={Hougton, Anthony and Lubensky, Tom C},
  journal={Physics Letters A},
  volume={77},
  number={6},
  pages={479--480},
  year={1980},
  publisher={North-Holland}
}

@article{jacucci.1983.monte,
  title={Monte Carlo computation of cluster free energies in the Ising model: a test for the validity of the capillarity approximation},
  author={Jacucci, G and Perini, A and Martin, G},
  journal={Journal of Physics A: Mathematical and General},
  volume={16},
  number={2},
  pages={369},
  year={1983},
  publisher={IOP Publishing}
}

@article{josephson.1969.equation,
  title={Equation of state near the critical point},
  author={Josephson, BD},
  journal={Journal of Physics C: Solid State Physics},
  volume={2},
  number={7},
  pages={1113},
  year={1969},
  publisher={IOP Publishing}
}

@article{klein.1976.essential,
  title={Essential singularities at first-order phase transitions},
  author={Klein, W and Wallace, DJ and Zia, RKP},
  journal={Physical Review Letters},
  volume={37},
  number={11},
  pages={639},
  year={1976},
  publisher={APS}
}

@article{langer.1967.condensation,
  title={Theory of the condensation point},
  author={Langer, James S},
  journal={Annals of Physics},
  volume={41},
  number={1},
  pages={108--157},
  year={1967},
  publisher={Elsevier}
}

@article{langer.1969.metastable,
  title={Statistical theory of the decay of metastable states},
  author={Langer, James S},
  journal={Annals of Physics},
  volume={54},
  number={2},
  pages={258--275},
  year={1969},
  publisher={Elsevier}
}

@article{lipatov.1977.divergence,
  title={Divergence of the perturbation theory series and the quasiclassical theory},
  author={Lipatov, LN},
  journal={Sov. Phys. JETP},
  volume={45},
  number={2},
  pages={216--223},
  year={1977}
}

@article{lowe.1980.instantons,
  title={Instantons and the Ising model below Tc},
  author={Lowe, MJ and Wallace, DJ},
  journal={Journal of Physics A: Mathematical and General},
  volume={13},
  number={10},
  pages={L381},
  year={1980},
  publisher={IOP Publishing}
}

@article{mccraw.1978.metastability,
  title={Metastability in the two-dimensional Ising model},
  author={McCraw, RJ and Schulman, LS},
  journal={Journal of Statistical Physics},
  volume={18},
  number={3},
  pages={293--308},
  year={1978},
  publisher={Springer}
}

@article{newman.1977.metastability,
  title={Metastability and the analytic continuation of eigenvalues},
  author={Newman, CM and Schulman, LS},
  journal={Journal of Mathematical Physics},
  volume={18},
  number={1},
  pages={23--30},
  year={1977},
  publisher={AIP}
}

@article{onsager.1944.crystal,
  title={Crystal statistics. I. A two-dimensional model with an order-disorder transition},
  author={Onsager, Lars},
  journal={Physical Review},
  volume={65},
  number={3-4},
  pages={117},
  year={1944},
  publisher={APS}
}

@article{parisi.1977.asymptotic,
  title={Asymptotic estimates in perturbation theory},
  author={Parisi, Giorgio},
  journal={Physics Letters B},
  volume={66},
  number={2},
  pages={167--169},
  year={1977},
  publisher={Elsevier}
}

@article{penrose.1987.rigorous,
  title={Towards a rigorous molecular theory of metastability},
  author={Penrose, O and Lebowitz, Joel L},
  journal={Fluctuation Phenomena},
  volume={7},
  pages={293--340},
  year={1987},
  publisher={North-Holland Physics Publishing}
}

@article{privman.1982.analytic,
  title={Analytic properties of thermodynamic functions at first-order phase transitions},
  author={Privman, V and Schulman, LS},
  journal={Journal of Physics A: Mathematical and General},
  volume={15},
  number={5},
  pages={L231},
  year={1982},
  publisher={IOP Publishing}
}

@article{rudnick.1976.equations,
  title={Equations of state and renormalization-group recursion relations},
  author={Rudnick, Joseph and Nelson, David R},
  journal={Physical Review B},
  volume={13},
  number={5},
  pages={2208},
  year={1976},
  publisher={APS}
}

@article{schofield.1969.parametric,
  title={Parametric representation of the equation of state near a critical point},
  author={Schofield, P},
  journal={Physical Review Letters},
  volume={22},
  number={12},
  pages={606},
  year={1969},
  publisher={APS}
}

@article{schofield.1969.correlation,
  title={Correlation between critical coefficients and critical exponents},
  author={Schofield, P and Litster, JD and Ho, John T},
  journal={Physical Review Letters},
  volume={23},
  number={19},
  pages={1098},
  year={1969},
  publisher={APS}
}

@inproceedings{widom.1981.interface,
  title={Structure of the interface between fluid phases},
  author={Widom, Benjamin},
  booktitle={Faraday Symposia of the Chemical Society},
  volume={16},
  pages={7--21},
  year={1981},
  organization={Royal Society of Chemistry}
}

@article{wilson.1971.renormalization,
  title={Renormalization group and critical phenomena. II. Phase-space cell analysis of critical behavior},
  author={Wilson, Kenneth G},
  journal={Physical Review B},
  volume={4},
  number={9},
  pages={3184},
  year={1971},
  publisher={APS}
}

@article{zinn.1996.universal,
  title={Universal surface-tension and critical-isotherm amplitude ratios in three dimensions},
  author={Zinn, Shun-yong and Fisher, Michael E},
  journal={Physica A: Statistical Mechanics and its Applications},
  volume={226},
  number={1-2},
  pages={168--180},
  year={1996},
  publisher={Elsevier}
}

