
@article{houghton.1980.metastable,
  title={The metastable Ising magnet in a negative field},
  author={Hougton, Anthony and Lubensky, Tom C},
  journal={Physics Letters A},
  volume={77},
  number={6},
  pages={479--480},
  year={1980},
  publisher={North-Holland}
}

@article{langer.1967.condensation,
  title={Theory of the condensation point},
  author={Langer, James S},
  journal={Annals of Physics},
  volume={41},
  number={1},
  pages={108--157},
  year={1967},
  publisher={Elsevier}
}

@article{langer.1969.metastable,
  title={Statistical theory of the decay of metastable states},
  author={Langer, JS},
  journal={Annals of Physics},
  volume={54},
  number={2},
  pages={258--275},
  year={1969},
  publisher={Elsevier}
}

@article{gaveau.1989.analytic,
  title={Metastable decay rates and analytic continuation},
  author={Gaveau, B and Schulman, LS},
  journal={Letters in Mathematical Physics},
  volume={18},
  number={3},
  pages={201--208},
  year={1989},
  publisher={Springer}
}

@article{bogomolny.1977.dispersion,
  title={Calculation of the green functions by the coupling constant dispersion relations},
  author={Bogomolny, Evgeny B},
  journal={Physics Letters B},
  volume={67},
  number={2},
  pages={193--194},
  year={1977},
  publisher={Elsevier}
}

@article{gunther.1993.transfer-matrix,
  title={Numerical transfer-matrix study of metastability in the d= 2 Ising model},
  author={G{\"u}nther, Christoph CA and Rikvold, Per Arne and Novotny, MA},
  journal={Physical review letters},
  volume={71},
  number={24},
  pages={3898},
  year={1993},
  publisher={APS}
}

@inproceedings{widom.1981.interface,
  title={Structure of the interface between fluid phases},
  author={Widom, Benjamin},
  booktitle={Faraday Symposia of the Chemical Society},
  volume={16},
  pages={7--21},
  year={1981},
  organization={Royal Society of Chemistry}
}

@article{gunther.1980.goldstone,
  title={Goldstone modes in vacuum decay and first-order phase transitions},
  author={G{\"u}nther, NJ and Wallace, DJ and Nicole, DA},
  journal={Journal of Physics A: Mathematical and General},
  volume={13},
  number={5},
  pages={1755},
  year={1980},
  publisher={IOP Publishing}
}

@article{barouch.1973.susceptibility,
  title={Zero-field susceptibility of the two-dimensional Ising model near ${T}_c$},
  author={Barouch, Eytan and McCoy, Barry M and Wu, Tai Tsun},
  journal={Physical Review Letters},
  volume={31},
  number={23},
  pages={1409},
  year={1973},
  publisher={APS}
}

