@article{Butera_2011_Free,
 author = {Butera, P. and Pernici, M.},
 title = {Free energy in a magnetic field and the universal scaling equation of state for the three-dimensional Ising model},
 journal = {Phys. Rev. B},
 publisher = {American Physical Society},
 year = {2011},
 month = {2},
 volume = {83},
 pages = {054433},
 url = {https://link.aps.org/doi/10.1103/PhysRevB.83.054433},
 doi = {10.1103/PhysRevB.83.054433},
 issue = {5},
 numpages = {15}
}

@article{Campostrini_2000_Critical,
 author = {Campostrini, Massimo and Pelissetto, Andrea and Rossi, Paolo and Vicari, Ettore},
 title = {Critical equation of state of three-dimensional {$XY$} systems},
 journal = {Physical Review B},
 publisher = {American Physical Society ({APS})},
 year = {2000},
 month = {9},
 number = {9},
 volume = {62},
 pages = {5843--5854},
 url = {https://doi.org/10.1103%2Fphysrevb.62.5843},
 doi = {10.1103/physrevb.62.5843}
}

@article{Mangazeev_2008_Variational,
 author = {Mangazeev, Vladimir V and Batchelor, Murray T and Bazhanov, Vladimir V and Dudalev, Michael Yu},
 title = {Variational approach to the scaling function of the 2D Ising model in a magnetic field},
 journal = {Journal of Physics A: Mathematical and Theoretical},
 publisher = {IOP Publishing},
 year = {2008},
 month = {12},
 number = {4},
 volume = {42},
 pages = {042005},
 url = {https://doi.org/10.1088%2F1751-8113%2F42%2F4%2F042005},
 doi = {10.1088/1751-8113/42/4/042005}
}

@article{Mangazeev_2010_Scaling,
 author = {Mangazeev, Vladimir V. and Dudalev, Michael Yu. and Bazhanov, Vladimir V. and Batchelor, Murray T.},
 title = {Scaling and universality in the two-dimensional Ising model with a magnetic field},
 journal = {Physical Review E},
 publisher = {American Physical Society (APS)},
 year = {2010},
 month = {6},
 number = {6},
 volume = {81},
 url = {https://doi.org/10.1103%2Fphysreve.81.060103},
 doi = {10.1103/physreve.81.060103}
}


